<record><leader>00000cas a22000007a 4500</leader><controlfield tag="001">22647748</controlfield><controlfield tag="008">901107d18851uuucouwr ne      0    0eng d</controlfield><datafield ind1=" " ind2=" " tag="010"><subfield code="a">sn 90051913 </subfield></datafield><datafield ind1=" " ind2=" " tag="040"><subfield code="a">CNQ</subfield><subfield code="b">eng</subfield><subfield code="c">CNQ</subfield><subfield code="d">OCLCQ</subfield></datafield><datafield ind1=" " ind2=" " tag="042"><subfield code="a">msc</subfield></datafield><datafield ind1="0" ind2="0" tag="245"><subfield code="a">Cattlemen's advertiser.</subfield></datafield><datafield ind1="1" ind2="7" tag="246"><subfield code="a">Weekly advertiser</subfield></datafield><datafield ind1=" " ind2=" " tag="260"><subfield code="a">Trinidad, Colo. :</subfield><subfield code="b">[s.n.]</subfield></datafield><datafield ind1=" " ind2=" " tag="300"><subfield code="a">v.</subfield></datafield><datafield ind1=" " ind2=" " tag="310"><subfield code="a">Weekly</subfield></datafield><datafield ind1="1" ind2=" " tag="362"><subfield code="a">Began in 1885.</subfield></datafield><datafield ind1=" " ind2=" " tag="500"><subfield code="a">"Colorado-New Mexico" appears within masthead ornament.</subfield></datafield><datafield ind1=" " ind2=" " tag="588"><subfield code="a">Description based on: Vol. 3, no. 7 (Feb. 2, 1885).</subfield></datafield><datafield ind1=" " ind2=" " tag="752"><subfield code="a">United States</subfield><subfield code="b">Colorado</subfield><subfield code="c">Las Animas</subfield><subfield code="d">Trinidad.</subfield></datafield><datafield ind1="0" ind2="0" tag="780"><subfield code="t">Colorado-New Mexico cattlemen's advertiser</subfield><subfield code="w">(DLC)sn 90051914</subfield></datafield></record>